@article{podewski1978stable,
  title={Stable graphs},
  author={Podewski, Klaus-Peter and Ziegler, Martin},
  journal={Fund. Math},
  volume={100},
  number={2},
  pages={101--107},
  year={1978}
}

@article{adler2014interpreting,
  title={Interpreting nowhere dense graph classes as a classical notion of model theory},
  author={Adler, Hans and Adler, Isolde},
  journal={European Journal of Combinatorics},
  volume={36},
  pages={322--330},
  year={2014},
  publisher={Elsevier}
}

@article{siebertz2016polynomial,
  author    = {Stephan Kreutzer and
               Roman Rabinovich and
               Sebastian Siebertz},
  title     = {Polynomial Kernels and Wideness Properties of Nowhere Dense Graph
               Classes},
  journal   = {CoRR},
  volume    = {abs/1608.05637},
  year      = {2016},
  note      = {To appear in SODA 2017}
}

@book{diestel2012graph,
  author    = {Reinhard Diestel},
  title     = {Graph Theory, 4th Edition},
  series    = {Graduate {T}exts in {M}athematics},
  volume    = {173},
  publisher = {Springer},
  year      = {2012}
}

@article{ganian2014digraph,
  title={Digraph width measures in parameterized algorithmics},
  author={Ganian, Robert and Hlin{\v{e}}n{\`y}, Petr and Kneis, Joachim and Langer, Alexander and Obdr{\v{z}}{\'a}lek, Jan and Rossmanith, Peter},
  journal={Discrete applied mathematics},
  volume={168},
  pages={88--107},
  year={2014},
  publisher={Elsevier}
}

@article{nevsetvril2008grad,
  title={Grad and classes with bounded expansion I. Decompositions},
  author={Ne{\v{s}}et{\v{r}}il, Jaroslav and de Mendez, Patrice Ossona},
  journal={European Journal of Combinatorics},
  volume={29},
  number={3},
  pages={760--776},
  year={2008},
  publisher={Elsevier}
}

@article{eggan1963transition,
  title={Transition graphs and the star-height of regular events.},
  author={Eggan, Lawrence C and others},
  journal={The Michigan mathematical journal},
  volume={10},
  number={4},
  pages={385--397},
  year={1963},
  publisher={The University of Michigan}
}

@book{bang2008digraphs,
  title={Digraphs: theory, algorithms and applications},
  author={Bang-Jensen, J{\o}rgen and Gutin, Gregory Z},
  year={2008},
  publisher={Springer Science \& Business Media}
}

@inproceedings{kreutzer2012directed,
  title={Directed nowhere dense classes of graphs},
  author={Kreutzer, Stephan and Tazari, Siamak},
  booktitle={Proceedings of the twenty-third annual ACM-SIAM symposium on Discrete Algorithms},
  pages={1552--1562},
  year={2012},
  organization={SIAM}
}

@article{kreutzer2016structural,
  title={Structural Properties and Constant Factor-Approximation of Strong Distance-r Dominating Sets in Sparse Directed Graphs},
  author={Kreutzer, Stephan and Rabinovich, Roman and Siebertz, Sebastian and Weberst{\"a}dt, Grischa},
  journal = {{STACS} 2017},
  series    = {LIPIcs},
  publisher = {Schloss Dagstuhl - Leibniz-Zentrum fuer Informatik},
  year      = {2017 (to appear)}
}

@article{zhu2009colouring,
  title={Colouring graphs with bounded generalized colouring number},
  author={Zhu, Xuding},
  journal={Discrete Mathematics},
  volume={309},
  number={18},
  pages={5562--5568},
  year={2009},
  publisher={Elsevier}
}

@article{nevsetvril2006tree,
  title={Tree-depth, subgraph coloring and homomorphism bounds},
  author={Ne{\v{s}}et{\v{r}}il, Jaroslav and De Mendez, Patrice Ossona},
  journal={European Journal of Combinatorics},
  volume={27},
  number={6},
  pages={1022--1041},
  year={2006},
  publisher={Elsevier}
}

@book{Diestel,
  author    = {Reinhard Diestel},
  title     = {Graph Theory, 4th Edition},
  series    = {Graduate texts in mathematics},
  volume    = {173},
  publisher = {Springer},
  year      = {2012},
}

@inproceedings{DrangeDFKLPPRVS16,
  author    = {P{\aa}l Gr{\o}n{\aa}s Drange and
               Markus Sortland Dregi and
               Fedor V. Fomin and
               Stephan Kreutzer and
               Daniel Lokshtanov and
               Marcin Pilipczuk and
               Michal Pilipczuk and
               Felix Reidl and
               Fernando S{\'{a}}nchez Villaamil and
               Saket Saurabh and
               Sebastian Siebertz and
               Somnath Sikdar},
  title     = {Kernelization and Sparseness: the Case of Dominating Set},
  booktitle = {{STACS}},
  series    = {LIPIcs},
  volume    = {47},
  pages     = {31:1--31:14},
  publisher = {Schloss Dagstuhl - Leibniz-Zentrum fuer Informatik},
  year      = {2016}
}

@article{bezek2016characterizing,
  title={Characterizing DAG-depth of directed graphs},
  author={Bezek, Mat{\'u}{\v{s}}},
  journal={arXiv preprint arXiv:1612.04980},
  year={2016}
}

@article{johnson2001directed,
  title={Directed tree-width},
  author={Johnson, Thor and Robertson, Neil and Seymour, Paul D and Thomas, Robin},
  journal={Journal of Combinatorial Theory, Series B},
  volume={82},
  number={1},
  pages={138--154},
  year={2001},
  publisher={Elsevier}
}

@inproceedings{obdrvzalek2006dag,
  title={DAG-width: connectivity measure for directed graphs},
  author={Obdr{\v{z}}{\'a}lek, Jan},
  booktitle={Proceedings of the seventeenth annual ACM-SIAM symposium on Discrete algorithm},
  pages={814--821},
  year={2006},
  organization={Society for Industrial and Applied Mathematics}
}

@article{hunter2008digraph,
  title={Digraph measures: Kelly decompositions, games, and orderings},
  author={Hunter, Paul and Kreutzer, Stephan},
  journal={Theoretical Computer Science},
  volume={399},
  number={3},
  pages={206--219},
  year={2008},
  publisher={Elsevier}
}

@InCollection{kierstead93,
  author = 	 {Kierstead, Hal A. and Trotter, William T.},
  title = 	 {Planar graph coloring with an uncooperative partner},
  booktitle = 	 {Planar Graphs},
  pages =	 {85--93},
  publisher =	 {AMS},
  year =	 {1993},
  editor =	 {W.T. Trotter},
  volume =	 {9},
  OPTnumber = 	 {},
  series =	 {DIMACS Ser. Discrete Math. Theoret. Comput. Sci.}
}

@article{kierstead03,
  title={Orderings on graphs and game coloring number},
  author={Kierstead, Hal A. and Yang, Daqing},
  journal={Order},
  volume={20},
  pages={255--264},
  year={2003},
  publisher={Springer}
}

@article{dvovrak2013constant,
  title={Constant-factor approximation of the domination number in sparse graphs},
  author={Dvo{\v{r}}{\'a}k, Zden{\v{e}}k},
  journal={European Journal of Combinatorics},
  volume={34},
  number={5},
  pages={833--840},
  year={2013},
  publisher={Elsevier}
}

@book{nevsetvril2012sparsity,
  title={Sparsity: graphs, structures, and algorithms},
  author={Ne{\v{s}}et{\v{r}}il, Jaroslav and De Mendez, Patrice Ossona},
  volume={28},
  year={2012},
  publisher={Springer Science \& Business Media}
}

@inproceedings{grohe2015colouring,
  title={Colouring and covering nowhere dense graphs},
  author={Grohe, Martin and Kreutzer, Stephan and Rabinovich, Roman and Siebertz, Sebastian and Stavropoulos, Konstantinos},
  booktitle={International Workshop on Graph-Theoretic Concepts in Computer Science},
  pages={325--338},
  year={2015},
  organization={Springer}
}

@article{nevsetvril2010first,
  title={First order properties on nowhere dense structures},
  author={Ne{\v{s}}et{\v{r}}il, Jaroslav and Ossona de Mendez, Patrice},
  journal={The Journal of Symbolic Logic},
  volume={75},
  number={03},
  pages={868--887},
  year={2010},
  publisher={Cambridge University Press}
}

@article{nevsetvril2011nowhere,
  title={On nowhere dense graphs},
  author={Ne{\v{s}}et{\v{r}}il, Jaroslav and Ossona de Mendez, Patrice},
  journal={European Journal of Combinatorics},
  volume={32},
  number={4},
  pages={600--617},
  year={2011},
  publisher={Elsevier}
}

@article{dawar2010homomorphism,
  author    = {Anuj Dawar},
  title     = {Homomorphism preservation on quasi-wide classes},
  journal   = {J. Comput. Syst. Sci.},
  volume    = {76},
  number    = {5},
  pages     = {324--332},
  year      = {2010}
}

@inproceedings{kreidler1998monadic,
  title={Monadic NP and graph minors},
  author={Kreidler, Martin and Seese, Detlef},
  booktitle={International Workshop on Computer Science Logic},
  pages={126--141},
  year={1998},
  organization={Springer}
}

@article{atserias2006preservation,
  title={On preservation under homomorphisms and unions of conjunctive queries},
  author={Atserias, Albert and Dawar, Anuj and Kolaitis, Phokion G},
  journal={Journal of the ACM (JACM)},
  volume={53},
  number={2},
  pages={208--237},
  year={2006},
  publisher={ACM}
}

@book{shelah1990classification,
  title={Classification theory: and the number of non-isomorphic models},
  author={Shelah, Saharon},
  volume={92},
  year={1990},
  publisher={Elsevier}
}

@book{hodges1993model,
  title={Model theory},
  author={Hodges, Wilfrid},
  volume={42},
  year={1993},
  publisher={Cambridge University Press}
}

@article{malliaris2014regularity,
  title={Regularity lemmas for stable graphs},
  author={Malliaris, Maryanthe and Shelah, Saharon},
  journal={Transactions of the American Mathematical Society},
  volume={366},
  number={3},
  pages={1551--1585},
  year={2014}
}

@article{chervonenkis1971theory,
  title={Theory of uniform convergence of frequencies of events to their probabilities and problems of search for an optimal solution from empirical data},
  author={Chervonenkis, A. and Vapnik, V.},
  journal={Automation and Remote Control},
  volume={32},
  pages={207--217},
  year={1971}
}

@article{BousquetT15,
  author    = {Nicolas Bousquet and
               St{\'{e}}phan Thomass{\'{e}}},
  title     = {VC-dimension and Erd{\H{o}}s-P{\'{o}}sa property},
  journal   = {Discrete Mathematics},
  volume    = {338},
  number    = {12},
  pages     = {2302--2317},
  year      = {2015}
}