%% This BibTeX bibliography file was created using BibDesk.
%% http://bibdesk.sourceforge.net/


%% Created for Szymon Toru≈Ñczyk at 2017-10-28 00:26:43 +0200 


%% Saved with string encoding Unicode (UTF-8) 


@article{ALON1992103,
	Author = {Noga Alon and Daniel J Kleitman},
	Doi = {https://doi.org/10.1016/0001-8708(92)90052-M},
	Issn = {0001-8708},
	Journal = {Advances in Mathematics},
	Number = {1},
	Pages = {103 - 112},
	Title = {Piercing convex sets and the Hadwiger-Debrunner (p, q)-problem},
	Url = {http://www.sciencedirect.com/science/article/pii/000187089290052M},
	Volume = {96},
	Year = {1992},
	Bdsk-Url-1 = {http://www.sciencedirect.com/science/article/pii/000187089290052M},
	Bdsk-Url-2 = {https://doi.org/10.1016/0001-8708(92)90052-M}}


@book{tent2012course,
  title={A Course in Model Theory},
  author={Tent, K. and Ziegler, M.},
  isbn={9780521763240},
  lccn={2012418313},
  series={Lecture Notes in Logic},
  url={https://books.google.pl/books?id=D9sClsdErEsC},
  year={2012},
  publisher={Cambridge University Press}
}


@article{Bronnimann1995,
  author    = {Herv{\'{e}} Br{\"{o}}nnimann and
               Michael T. Goodrich},
  title     = {Almost Optimal Set Covers in Finite {VC}-Dimension},
  journal   = {Discrete {\&} Computational Geometry},
  volume    = {14},
  number    = {4},
  pages     = {463--479},
  year      = {1995}
}

@article{Matousek:2004:BVI:1005787.1005789,
  author    = {Ji{\v{r}}{\'{\i}} Matou{\v{s}}ek},
  title     = {Bounded {VC}-Dimension Implies a Fractional {H}elly Theorem},
  journal   = {Discrete {\&} Computational Geometry},
  volume    = {31},
  number    = {2},
  pages     = {251--255},
  year      = {2004}
}

@article{Guingona2013,
		Author = {Guingona, Vincent and Laskowski, Michael C.},
	Date-Added = {2017-10-27 22:16:52 +0000},
	Date-Modified = {2017-10-27 22:16:52 +0000},
	Day = {01},
	Doi = {10.1007/s00153-013-0341-z},
	Issn = {1432-0665},
	Journal = {Archive for Mathematical Logic},
	Number = {7},
	Pages = {743--758},
	Title = {On {VC}-minimal theories and variants},
	Url = {https://doi.org/10.1007/s00153-013-0341-z},
	Volume = {52},
	Year = {2013},
	Bdsk-Url-1 = {https://doi.org/10.1007/s00153-013-0341-z},
	Bdsk-Url-2 = {http://dx.doi.org/10.1007/s00153-013-0341-z}}

@incollection{grokre11,
	Author = {Martin Grohe and Stephan Kreutzer},
	Booktitle = {Model Theoretic Methods in Finite Combinatorics},
	Date-Added = {2017-10-27 22:13:59 +0000},
	Date-Modified = {2017-10-27 22:13:59 +0000},
	Editor = {M. Grohe and J.A. Makowsky},
	Pages = {181-206},
	Publisher = {American Mathematical Society},
	Series = {Contemporary Mathematics},
	Title = {Methods for Algorithmic Meta Theorems},
	Volume = {558},
	Year = {2011}}

@article{see96,
	Author = {Detlef Seese},
	Bibsource = {dblp computer science bibliography, http://dblp.org},
	Biburl = {http://dblp.uni-trier.de/rec/bib/journals/mscs/Seese96},
	Date-Added = {2017-10-27 22:13:26 +0000},
	Date-Modified = {2017-10-27 22:13:26 +0000},
	Journal = {Mathematical Structures in Computer Science},
	Number = {6},
	Pages = {505--526},
	Timestamp = {Thu, 03 Jan 2002 12:25:51 +0100},
	Title = {Linear Time Computable Problems and First-Order Descriptions},
	Volume = {6},
	Year = {1996}}

@inproceedings{dawar2007locally,
	Author = {Dawar, Anuj and Grohe, Martin and Kreutzer, Stephan},
	Booktitle = {22nd Annual IEEE Symposium on Logic in Computer Science, {LICS} 2007},
	Date-Added = {2017-10-27 22:13:17 +0000},
	Date-Modified = {2017-10-27 22:13:17 +0000},
	Pages = {270--279},
	Title = {Locally excluding a minor},
	Year = {2007}}

@article{frick2001deciding,
	Author = {Frick, Markus and Grohe, Martin},
	Date-Added = {2017-10-27 22:13:07 +0000},
	Date-Modified = {2017-10-27 22:13:07 +0000},
	Journal = {Journal of the ACM},
	Number = {6},
	Pages = {1184--1206},
	Publisher = {ACM},
	Title = {Deciding first-order properties of locally tree-decomposable structures},
	Volume = {48},
	Year = {2001}}

@article{ivanov,
	Author = {Ivanov, Alexander A.},
	Date-Added = {2017-10-27 21:50:19 +0000},
	Date-Modified = {2017-10-27 21:50:19 +0000},
	Journal = {Fundamenta Mathematicae},
	Title = {The structure of superflat graphs},
	Volume = {143},
	Pages = {107--117},
	Year = {1993}}

@article{reidl2016characterising,
	Author = {Felix Reidl and Fernando {S{\'{a}}nchez Villaamil} and Konstantinos Stavropoulos},
	Journal = {CoRR},
	Title = {Characterising Bounded Expansion by Neighbourhood Complexity},
	Volume = {abs/1603.09532},
	Year = {2016}}

@article{dolich2011,
	Author = {Dolich, Alfred and Goodrick, John and Lippel, David},
	Doi = {10.1215/00294527-1435456},
	Fjournal = {Notre Dame Journal of Formal Logic},
	Journal = {Notre Dame J. Formal Logic},
	Month = {07},
	Number = {3},
	Pages = {267--288},
	Publisher = {Duke University Press},
	Title = {Dp-Minimality: Basic Facts and Examples},
	Url = {https://doi.org/10.1215/00294527-1435456},
	Volume = {52},
	Year = {2011},
	Bdsk-Url-1 = {https://doi.org/10.1215/00294527-1435456},
	Bdsk-Url-2 = {http://dx.doi.org/10.1215/00294527-1435456}}

@book{libkin,
	Author = {Leonid Libkin},
	Publisher = {Springer},
	Series = {Texts in Theoretical Computer Science. An {EATCS} Series},
	Title = {Elements of Finite Model Theory},
	Year = {2004}}

@book{pillay,
	Author = {Anand Pillay},
	Publisher = {Dover Publications},
	Series = {Dover Books on Mathematics},
	Title = {Introduction to Stability Theory},
	Year = {2008}}

@article{podewski1978stable,
	Author = {Podewski, Klaus-Peter and Ziegler, Martin},
	Journal = {Fundamenta Mathematicae},
	Number = {2},
	Pages = {101--107},
	Title = {Stable graphs},
	Volume = {100},
	Year = {1978}}

@article{adler2014interpreting,
	Author = {Adler, Hans and Adler, Isolde},
	Journal = {European Journal of Combinatorics},
	Pages = {322--330},
	Publisher = {Elsevier},
	Title = {Interpreting nowhere dense graph classes as a classical notion of model theory},
	Volume = {36},
	Year = {2014}}

@inproceedings{siebertz2016polynomial,
	Author = {Stephan Kreutzer and Roman Rabinovich and Sebastian Siebertz},
	Booktitle = {{SODA 2017}},
	Pages = {1533--1545},
	Publisher = {{SIAM}},
	Title = {Polynomial Kernels and Wideness Properties of Nowhere Dense Graph Classes},
	Year = {2017}}

@book{diestel2012graph,
	Author = {Reinhard Diestel},
	Publisher = {Springer},
	Series = {Graduate {T}exts in {M}athematics},
	Title = {Graph Theory, 4th Edition},
	Volume = {173},
	Year = {2012}}

@article{ganian2014digraph,
	Author = {Ganian, Robert and Hlin{\v{e}}n{\`y}, Petr and Kneis, Joachim and Langer, Alexander and Obdr{\v{z}}{\'a}lek, Jan and Rossmanith, Peter},
	Journal = {Discrete applied mathematics},
	Pages = {88--107},
	Publisher = {Elsevier},
	Title = {Digraph width measures in parameterized algorithmics},
	Volume = {168},
	Year = {2014}}

@article{nevsetvril2008grad,
	Author = {Ne{\v{s}}et{\v{r}}il, Jaroslav and Ossona de Mendez, Patrice},
	Journal = {European Journal of Combinatorics},
	Number = {3},
	Pages = {760--776},
	Publisher = {Elsevier},
	Title = {Grad and classes with bounded expansion {I}. {D}ecompositions},
	Volume = {29},
	Year = {2008}}

@article{eggan1963transition,
	Author = {Eggan, Lawrence C and others},
	Journal = {The Michigan mathematical journal},
	Number = {4},
	Pages = {385--397},
	Publisher = {The University of Michigan},
	Title = {Transition graphs and the star-height of regular events.},
	Volume = {10},
	Year = {1963}}

@book{bang2008digraphs,
	Author = {Bang-Jensen, J{\o}rgen and Gutin, Gregory Z},
	Publisher = {Springer Science \& Business Media},
	Title = {Digraphs: theory, algorithms and applications},
	Year = {2008}}

@inproceedings{kreutzer2012directed,
	Author = {Kreutzer, Stephan and Tazari, Siamak},
	Booktitle = {Proceedings of the twenty-third annual ACM-SIAM symposium on Discrete Algorithms},
	Organization = {SIAM},
	Pages = {1552--1562},
	Title = {Directed nowhere dense classes of graphs},
	Year = {2012}}

@article{kreutzer2016structural,
	Author = {Kreutzer, Stephan and Rabinovich, Roman and Siebertz, Sebastian and Weberst{\"a}dt, Grischa},
	Journal = {{STACS} 2017},
	Publisher = {Schloss Dagstuhl - Leibniz-Zentrum fuer Informatik},
	Series = {LIPIcs},
	Title = {Structural Properties and Constant Factor-Approximation of Strong Distance-r Dominating Sets in Sparse Directed Graphs},
	Year = {2017 (to appear)}}

@article{zhu2009colouring,
	Author = {Zhu, Xuding},
	Journal = {Discrete Mathematics},
	Number = {18},
	Pages = {5562--5568},
	Publisher = {Elsevier},
	Title = {Colouring graphs with bounded generalized colouring number},
	Volume = {309},
	Year = {2009}}

@article{nevsetvril2006tree,
	Author = {Ne{\v{s}}et{\v{r}}il, Jaroslav and De Mendez, Patrice Ossona},
	Journal = {European Journal of Combinatorics},
	Number = {6},
	Pages = {1022--1041},
	Publisher = {Elsevier},
	Title = {Tree-depth, subgraph coloring and homomorphism bounds},
	Volume = {27},
	Year = {2006}}

@book{Diestel,
	Author = {Reinhard Diestel},
	Publisher = {Springer},
	Series = {Graduate texts in mathematics},
	Title = {Graph Theory, 4th Edition},
	Volume = {173},
	Year = {2012}}


@article{bezek2016characterizing,
	Author = {Bezek, Mat{\'u}{\v{s}}},
	Journal = {arXiv preprint arXiv:1612.04980},
	Title = {Characterizing DAG-depth of directed graphs},
	Year = {2016}}

@article{johnson2001directed,
	Author = {Johnson, Thor and Robertson, Neil and Seymour, Paul D and Thomas, Robin},
	Journal = {Journal of Combinatorial Theory, Series B},
	Number = {1},
	Pages = {138--154},
	Publisher = {Elsevier},
	Title = {Directed tree-width},
	Volume = {82},
	Year = {2001}}

@inproceedings{obdrvzalek2006dag,
	Author = {Obdr{\v{z}}{\'a}lek, Jan},
	Booktitle = {Proceedings of the seventeenth annual ACM-SIAM symposium on Discrete algorithm},
	Organization = {Society for Industrial and Applied Mathematics},
	Pages = {814--821},
	Title = {DAG-width: connectivity measure for directed graphs},
	Year = {2006}}

@article{hunter2008digraph,
	Author = {Hunter, Paul and Kreutzer, Stephan},
	Journal = {Theoretical Computer Science},
	Number = {3},
	Pages = {206--219},
	Publisher = {Elsevier},
	Title = {Digraph measures: Kelly decompositions, games, and orderings},
	Volume = {399},
	Year = {2008}}

@incollection{kierstead93,
	Author = {Kierstead, Hal A. and Trotter, William T.},
	Booktitle = {Planar Graphs},
	Editor = {W.T. Trotter},
	Pages = {85--93},
	Publisher = {AMS},
	Series = {DIMACS Ser. Discrete Math. Theoret. Comput. Sci.},
	Title = {Planar graph coloring with an uncooperative partner},
	Volume = {9},
	Year = {1993}}

@article{kierstead03,
	Author = {Kierstead, Hal A. and Yang, Daqing},
	Journal = {Order},
	Pages = {255--264},
	Publisher = {Springer},
	Title = {Orderings on graphs and game coloring number},
	Volume = {20},
	Year = {2003}}

@article{dvovrak2013constant,
	Author = {Dvo{\v{r}}{\'a}k, Zden{\v{e}}k},
	Journal = {European Journal of Combinatorics},
	Number = {5},
	Pages = {833--840},
	Publisher = {Elsevier},
	Title = {Constant-factor approximation of the domination number in sparse graphs},
	Volume = {34},
	Year = {2013}}

@book{nevsetvril2012sparsity,
	Author = {Ne{\v{s}}et{\v{r}}il, Jaroslav and De Mendez, Patrice Ossona},
	Publisher = {Springer Science \& Business Media},
	Title = {Sparsity: graphs, structures, and algorithms},
	Volume = {28},
	Year = {2012}}

@inproceedings{grohe2015colouring,
	Author = {Grohe, Martin and Kreutzer, Stephan and Rabinovich, Roman and Siebertz, Sebastian and Stavropoulos, Konstantinos},
	Booktitle = {International Workshop on Graph-Theoretic Concepts in Computer Science},
	Organization = {Springer},
	Pages = {325--338},
	Title = {Colouring and covering nowhere dense graphs},
	Year = {2015}}

@article{nevsetvril2010first,
	Author = {Ne{\v{s}}et{\v{r}}il, Jaroslav and Ossona de Mendez, Patrice},
	Journal = {The Journal of Symbolic Logic},
	Number = {03},
	Pages = {868--887},
	Publisher = {Cambridge University Press},
	Title = {First order properties on nowhere dense structures},
	Volume = {75},
	Year = {2010}}

@article{nevsetvril2011nowhere,
	Author = {Ne{\v{s}}et{\v{r}}il, Jaroslav and Ossona de Mendez, Patrice},
	Journal = {European Journal of Combinatorics},
	Number = {4},
	Pages = {600--617},
	Publisher = {Elsevier},
	Title = {On nowhere dense graphs},
	Volume = {32},
	Year = {2011}}

@article{dawar2010homomorphism,
	Author = {Anuj Dawar},
	Journal = {Journal of Computer and System Sciences},
	Number = {5},
	Pages = {324--332},
	Title = {Homomorphism preservation on quasi-wide classes},
	Volume = {76},
	Year = {2010}}

@inproceedings{kreidler1998monadic,
  author    = {Martin Kreidler and
               Detlef Seese},
  title     = {Monadic {NP} and Graph Minors},
  booktitle = {{CSL 1998}},
  series    = {Lecture Notes in Computer Science},
  volume    = {1584},
  pages     = {126--141},
  publisher = {Springer},
  year      = {1998}
}

@article{atserias2006preservation,
	Author = {Atserias, Albert and Dawar, Anuj and Kolaitis, Phokion G},
	Journal = {Journal of the ACM (JACM)},
	Number = {2},
	Pages = {208--237},
	Publisher = {ACM},
	Title = {On preservation under homomorphisms and unions of conjunctive queries},
	Volume = {53},
	Year = {2006}}

@book{shelah1990classification,
	Author = {Shelah, Saharon},
	Publisher = {Elsevier},
	Title = {Classification theory: and the number of non-isomorphic models},
	Volume = {92},
	series = {Studies in Logic and the Foundations of Mathematics},
	Year = {1990}}

@book{hodges1993model,
	Author = {Hodges, Wilfrid},
	Publisher = {Cambridge University Press},
	Title = {Model theory},
	Volume = {42},
	Year = {1993}}

@article{malliaris2014regularity,
	Author = {Malliaris, Maryanthe and Shelah, Saharon},
	Journal = {Transactions of the American Mathematical Society},
	Number = {3},
	Pages = {1551--1585},
	Title = {Regularity lemmas for stable graphs},
	Volume = {366},
	Year = {2014}}

@article{chervonenkis1971theory,
	Author = {Chervonenkis, A. and Vapnik, V.},
	Journal = {Automation and Remote Control},
	Pages = {207--217},
	Title = {Theory of uniform convergence of frequencies of events to their probabilities and problems of search for an optimal solution from empirical data},
	Volume = {32},
	Year = {1971}}

@article{shelah1971stability,
	Author = {Shelah, Saharon},
	Journal = {Annals of Mathematical Logic},
	Number = {3},
	Pages = {271--362},
	Publisher = {Elsevier},
	Title = {Stability, the f.c.p., and superstability; model theoretic properties of formulas in first order theory},
	Volume = {3},
	Year = {1971}}

@article{BousquetT15,
	Author = {Nicolas Bousquet and St{\'{e}}phan Thomass{\'{e}}},
	Journal = {Discrete Mathematics},
	Number = {12},
	Pages = {2302--2317},
	Title = {{VC}-dimension and {E}rd{\H{o}}s-{P}{\'{o}}sa property},
	Volume = {338},
	Year = {2015}}

@inproceedings{GroheKRSS15,
	Author = {Martin Grohe and Stephan Kreutzer and Roman Rabinovich and Sebastian Siebertz and Konstantinos Stavropoulos},
	Booktitle = {{WG 2015}},
	Pages = {325--338},
	Publisher = {Springer},
	Series = {Lecture Notes in Computer Science},
	Title = {Colouring and Covering Nowhere Dense Graphs},
	Volume = {9224},
	Year = {2015}}

@inproceedings{grohe2014deciding,
	Author = {Grohe, Martin and Kreutzer, Stephan and Siebertz, Sebastian},
	Booktitle = {STOC 2014},
	Organization = {ACM},
	Pages = {89--98},
	Title = {Deciding first-order properties of nowhere dense graphs},
	Year = {2014}}

@book{sparsity,
	Author = {Jaroslav Ne\v{s}et\v{r}il and Patrice {Ossona de Mendez}},
	Publisher = {Springer},
	Series = {Algorithms and combinatorics},
	Title = {Sparsity --- {G}raphs, {S}tructures, and {A}lgorithms},
	Volume = {28},
	Year = {2012}}

@article{zhu2009coloring,
	Author = {Zhu, Xuding},
	Journal = {Discrete Mathematics},
	Number = {18},
	Pages = {5562--5568},
	Publisher = {Elsevier},
	Title = {Colouring graphs with bounded generalized colouring number},
	Volume = {309},
	Year = {2009}}

@inproceedings{DawarK09,
	Author = {Anuj Dawar and Stephan Kreutzer},
	Booktitle = {{FSTTCS 2009}},
	Pages = {157--168},
	Publisher = {Schloss Dagstuhl---Leibniz-Zentrum f\"ur Informatik},
	Series = {LIPIcs},
	Title = {Domination Problems in Nowhere-Dense Classes},
	Volume = {4},
	Year = {2009}}

@inproceedings{eickmeyer2016neighborhood,
	Author = {Kord Eickmeyer and Archontia C. Giannopoulou and Stephan Kreutzer and O{-}joung Kwon and Michal Pilipczuk and Roman Rabinovich and Sebastian Siebertz},
	Booktitle = {{ICALP 2017}},
	Note = {See \url{https://arxiv.org/abs/1612.08197} for full proofs},
	Pages = {63:1--63:14},
	Publisher = {Schloss Dagstuhl---Leibniz-Zentrum f\"ur Informatik},
	Series = {LIPIcs},
	Title = {Neighborhood Complexity and Kernelization for Nowhere Dense Classes of Graphs},
	Volume = {80},
	Year = {2017}}

@inproceedings{drange2016kernelization,
	Author = {P{\aa}l Gr{\o}n{\aa}s Drange and Markus Sortland Dregi and Fedor V. Fomin and Stephan Kreutzer and Daniel Lokshtanov and Marcin Pilipczuk and Micha\l{} Pilipczuk and Felix Reidl and Fernando {S{\'{a}}nchez Villaamil} and Saket Saurabh and Sebastian Siebertz and Somnath Sikdar},
	Booktitle = {{STACS 2016}},
	Note = {See \url{https://arxiv.org/abs/1411.4575} for full proofs},
	Pages = {31:1--31:14},
	Publisher = {Schloss Dagstuhl---Leibniz-Zentrum f\"ur Informatik},
	Series = {LIPIcs},
	Title = {Kernelization and Sparseness: the Case of {D}ominating {S}et},
	Volume = {47},
	Year = {2016}}

@article{dvovrak2013testing,
	Author = {Dvo{\v{r}}{\'a}k, Zden{\v{e}}k and Kr{\'a}l, Daniel and Thomas, Robin},
	Journal = {Journal of the ACM (JACM)},
	Number = {5},
	Pages = {36},
	Publisher = {ACM},
	Title = {Testing first-order properties for subclasses of sparse graphs},
	Volume = {60},
	Year = {2013}}

@article{morley1965categoricity,
	Author = {Morley, Michael},
	Journal = {Transactions of the American Mathematical Society},
	Number = {2},
	Pages = {514--538},
	Publisher = {JSTOR},
	Title = {Categoricity in power},
	Volume = {114},
	Year = {1965}}

@article{hart2000uncountable,
	Author = {Hart, Bradd and Hrushovski, Ehud and Laskowski, Michael C},
	Journal = {Annals of Mathematics-Second Series},
	Number = {1},
	Pages = {207--258},
	Publisher = {[Princeton, NJ, etc., Princeton University Press, etc.]},
	Title = {The uncountable spectra of countable theories},
	Volume = {152},
	Year = {2000}}

@article{ensley1996finite,
	Author = {Ensley, Douglas E and Grossberg, Rami},
	Title = {Finite models, stability and Ramsey's theorem},
	Year = {1996}}

@incollection{vapnik2015uniform,
	Author = {Vapnik, Vladimir N and Chervonenkis, A Ya},
	Booktitle = {Measures of Complexity},
	Pages = {11--30},
	Publisher = {Springer},
	Title = {On the uniform convergence of relative frequencies of events to their probabilities},
	Year = {2015}}

@article{laskowski1992vapnik,
	Author = {Laskowski, Michael C},
	Journal = {Journal of the London Mathematical Society},
	Number = {2},
	Pages = {377--384},
	Publisher = {Oxford University Press},
	Title = {Vapnik-{C}hervonenkis classes of definable sets},
	Volume = {2},
	Year = {1992}}

@article{furedi1991traces,
	Author = {F{\"u}redi, Zolt{\'a}n and Pach, J{\'a}nos},
	Journal = {Extremal problems for finite sets},
	Pages = {255--282},
	Title = {Traces of finite sets: extremal problems and geometric applications},
	Volume = {3},
	Year = {1991}}

@inproceedings{matouvsek1998geometric,
	Author = {Matou{\v{s}}ek, Ji{\v{r}}{\'\i}},
	Booktitle = {European Congress of Mathematics},
	Number = {1-27},
	Organization = {Birkh{\"a}user, Basel},
	Pages = {23},
	Title = {Geometric set systems},
	Volume = {2},
	Year = {1998}}

@article{karpinski1997polynomial,
	Author = {Karpinski, Marek and Macintyre, Angus},
	Journal = {Journal of Computer and System Sciences},
	Number = {1},
	Pages = {169--176},
	Publisher = {Elsevier},
	Title = {Polynomial bounds for VC dimension of sigmoidal and general Pfaffian neural networks},
	Volume = {54},
	Year = {1997}}

@article{karpinski1997approximating,
	Author = {Karpinski, Marek and Macintyre, Angus},
	Journal = {Connections between model theory and algebraic and analytic geometry},
	Pages = {149--177},
	Title = {Approximating volumes and integrals in o-minimal and p-minimal theories},
	Volume = {6},
	Year = {1997}}

@article{johnson2010compression,
	Author = {Johnson, Hunter R and Laskowski, Michael C},
	Journal = {Discrete \& Computational Geometry},
	Number = {4},
	Pages = {914--926},
	Publisher = {Springer},
	Title = {Compression schemes, stable definable families, and o-minimal structures},
	Volume = {43},
	Year = {2010}}

@article{aschenbrenner2016vapnik,
	Author = {Aschenbrenner, Matthias and Dolich, Alf and Haskell, Deirdre and Macpherson, Dugald and Starchenko, Sergei},
	Journal = {Transactions of the American Mathematical Society},
	Number = {8},
	Pages = {5889--5949},
	Title = {Vapnik-{C}hervonenkis density in some theories without the independence property, {I}},
	Volume = {368},
	Year = {2016}}

@article{AschenbrennerDHMS13,
	Author = {Matthias Aschenbrenner and Alf Dolich and Deirdre Haskell and Dugald Macpherson and Sergei Starchenko},
	Journal = {Notre Dame Journal of Formal Logic},
	Number = {3-4},
	Pages = {311--363},
	Title = {Vapnik-Chervonenkis Density in Some Theories without the Independence Property, {II}},
	Volume = {54},
	Year = {2013}}

@article{shelah2014strongly,
	Author = {Shelah, Saharon},
	Journal = {Israel Journal of Mathematics},
	Number = {1},
	Pages = {1--83},
	Publisher = {Springer},
	Title = {Strongly dependent theories},
	Volume = {204},
	Year = {2014}}

@phdthesis{bobkov2017computations,
	Author = {Bobkov, Anton},
	School = {UCLA},
	Title = {Computations of {V}apnik-{C}hervonenkis Density in Various Model-Theoretic Structures},
	Year = {2017}}

@article{gaifman1982local,
	Author = {Gaifman, Haim},
	Journal = {Studies in Logic and the Foundations of Mathematics},
	Pages = {105--135},
	Publisher = {Elsevier},
	Title = {On local and non-local properties},
	Volume = {107},
	Year = {1982}}

@article{gajarsky2017kernelization,
	Author = {Gajarsk{\'y}, Jakub and Hlin{\v{e}}n{\'y}, Petr and Obdr{\v{z}}{\'a}lek, Jan and Ordyniak, Sebastian and Reidl, Felix and Rossmanith, Peter and S{\'a}nchez Villaamil, Fernando and Sikdar, Somnath},
	Journal = {Journal of Computer and System Sciences},
	Pages = {219--242},
	Publisher = {Elsevier},
	Title = {Kernelization using structural parameters on sparse graph classes},
	Volume = {84},
	Year = {2017}}

@article{alon2003turan,
	Author = {Alon, Noga and Krivelevich, Michael and Sudakov, Benny},
	Journal = {Combinatorics, Probability and Computing},
	Number = {5+ 6},
	Pages = {477--494},
	Publisher = {Cambridge University Press},
	Title = {Tur{\'a}n numbers of bipartite graphs and related {R}amsey-type questions},
	Volume = {12},
	Year = {2003}}

@phdthesis{dvorak2007asymptotical,
	Author = {Dvo\v{r}{\'a}k, Zdenek},
	school = {Charles University, Faculty of Mathematics and Physics},
	Title = {Asymptotical structure of combinatorial objects},
	Year = {2007}}

@article{jiang2011compact,
	Author = {Jiang, Tao},
	Journal = {Journal of Graph Theory},
	Number = {2},
	Pages = {139--152},
	Publisher = {Wiley Online Library},
	Title = {Compact topological minors in graphs},
	Volume = {67},
	Year = {2011}}

@article{haussler1987,
	Author = {Haussler, David and Welzl, Emo},
	Journal = {Discrete \& Computational Geometry},
	Number = {2},
	Pages = {127--151},
	Publisher = {Springer},
	Title = {$\epsilon$-nets and simplex range queries},
	Volume = {2},
	Year = {1987}}

@article{chazelle1989quasi,
	Author = {Chazelle, Bernard and Welzl, Emo},
	Journal = {Discrete \& Computational Geometry},
	Number = {5},
	Pages = {467--489},
	Publisher = {Springer},
	Title = {Quasi-optimal range searching in spaces of finite {VC}-dimension},
	Volume = {4},
	Year = {1989}}

@article{alon2006dominating,
	Author = {Alon, Noga and Brightwell, Graham and Kierstead, Hal A and Kostochka, Alexandr V and Winkler, Peter},
	Journal = {Journal of Combinatorial Theory, Series B},
	Number = {3},
	Pages = {374--387},
	Publisher = {Elsevier},
	Title = {Dominating sets in $k$-majority tournaments},
	Volume = {96},
	Year = {2006}}

@article{chepoi2007covering,
	Author = {Chepoi, Victor and Estellon, Bertrand and Vaxes, Yann},
	Journal = {Discrete \& Computational Geometry},
	Number = {2},
	Pages = {237--244},
	Publisher = {Springer},
	Title = {Covering planar graphs with a fixed number of balls},
	Volume = {37},
	Year = {2007}}

@article{sauer1972density,
	Author = {Sauer, Norbert},
	Journal = {Journal of Combinatorial Theory, Series~A},
	Number = {1},
	Pages = {145--147},
	Publisher = {Elsevier},
	Title = {On the density of families of sets},
	Volume = {13},
	Year = {1972}}

@article{shelah1972combinatorial,
	Author = {Shelah, Saharon},
	Journal = {Pacific Journal of Mathematics},
	Number = {1},
	Pages = {247--261},
	Publisher = {Mathematical Sciences Publishers},
	Title = {A combinatorial problem; stability and order for models and theories in infinitary languages},
	Volume = {41},
	Year = {1972}}
